% Encoding: UTF-8

@Article{Chen201491,
  author   = {L.F. Chen and J. Zang and A.J. Hillis and G.C.J. Morgan and A.R. Plummer},
  title    = {Numerical investigation of wave–structure interaction using OpenFOAM},
  year     = {2014},
  volume   = {88},
  pages    = {91 - 109},
  issn     = {0029-8018},
  doi      = {http://dx.doi.org/10.1016/j.oceaneng.2014.06.003},
  url      = {http://www.sciencedirect.com/science/article/pii/S0029801814002169},
  abstract = {Abstract The present work is focused on the assessment of how OpenFOAM performs when applied to non-linear wave interactions with offshore structures for ranges of wave conditions. New modules have been further extended to advance the wave generation and wave absorbing capabilities of the code. The numerical results for wave interactions with a vertical surface piercing cylinder have been compared with physical experiments performed at Danish Hydraulic Institute (DHI). Comparisons between the numerical results and the measured data for three regular waves and four focused wave groups, have indicated that OpenFOAM is very capable of accurate modelling of nonlinear wave interaction with offshore structures, with up to 4th order harmonic correctly captured. Moreover, by using the crest-trough phase-based separation method, we can reproduce harmonic structure in the wave loading on the structure and free surface elevations. },
  journal  = {Ocean Engineering},
  keywords = {OpenFOAM, Nonlinear wave–structure interactions, Wave loading, Spectral decomposition },
}

@WWW{orrego09,
  author = {Orrego, S; ";\ Grupo\ de\ Investigación\ Mecánica\ Aplicada;\ Universidad\ EAFIT,\ Colombia;},
  title  = {Simulación de fluidos utilizando computadores: una moderna herramienta para el estudio y análisis de fluidos},
  year   = {2009},
}

@Article{amundarain12,
  author = {Amundarain, M.},
  title = {La energía renovable procedente de las olas},
  journal = {Ikastorratza, e-Revista de Didáctica 8},
  url = {http://www.ehu.es/ikastorratza/8_alea/energia/energia.pdf},
  year = {2012},
  issn = {1988-5911}
}

@Article{romerogarcia10,
  author = {Romero García, RE},
  title = {Producción\ de\ energía\ eléctrica\ a\ partir\ de\ los\ mares\";\ Técnica\ Industrial;\ 288},
  year = {2010},
  month = {Agosto},
  pages = {44-5}
}

@Article{montero13,
  author = {Montero Sousa, JA and Calvo Rolle, JL},
  title = {Energía mareomotriz: perspectiva histórica y estado actual},
  journal = {Técnica Industrial},
  volume = {301},
  pages = {54-60},
  year = {2013},
  month = {marzo}
}

@WWW{eduambiental,
  author = {Eduambiental},
  title = {Energía del oleaje},
  url = {http://comunidad.eduambiental.org/file.php/1/curso/contenidos/docpdf/capitulo22.pdf},
  pages = {515-550}
}

@Article{pelissero11,
  author = {Pelissero, M},
  title = {Aprovechamiento de la Energía Undimotriz},
  journal = {Proyecciones},
  volume = {9},
  number = {2},
  month = {octubre},
  year = {2011},
  pages = {53-65}
}

@Book{ferziger02,
  author = {Ferziger, J.H. and Perić, M.},
  title = {Computational Methods for Fluid Dynamics},
  edition = {3rd},
  editor = {Springer, New York},
  year = {2002}
}

@WWW{fernandez,
  author = {Fernández, P.},
  url = {http://files.pfernandezdiez.es/EnergiasAlternativas/mar/PDFs/02Olas.pdf}
}

@Comment{Guillermo}

@WWW{Nozaki,
  author = {Fumiya Nozaki},
  url = {https://es.slideshare.net/fumiyanozaki96/openfoam},
  year = {2015}
}

@software{OpenFOAM,
  author = {{CFD Direct}},
  title = {OpenFOAM},
  url = {https://cfd.direct/openfoam/user-guide/blockmesh/}
}

@software{snappyHexMesh,
  author = {{CFD Direct}},
  title = {snappyHexMesh},
  url = {https://cfd.direct/openfoam/user-guide/snappyhexmesh/}
}

@WWW{OpenSCAD,
  author = {OpenSCAD},
  url = {http://www.openscad.org/}
}

@WWW{iamwil,
  author = {User: iamwil},
  url = {https://cubehero.com/2013/11/19/know-only-10-things-to-be-dangerous-in-openscad//},
  title = {Know only 10 things to be dangerous in OpenSCAD},
  year = {2013}
}

@WWW{CheatSheet,
  author = {OpenSCAD},
  url = {http://www.openscad.org/cheatsheet/index.html},
  title = {OpenSCAD CheatSheet}
}

@WWW{howtoOpenSCAD,
  author = {OpenSCAD},
  url = {http://www.tridimake.com/2014/11/howto-openscad-iteration-extrusion.html},
  title = {How to use Openscad}
}

@software{FreeCAD,
  author = {{Jürgen Riegel, Werner Mayer, Yorik van Havre et al}},
  title = {FreeCAD},
  url = {https://www.freecadweb.org/}
}

@software{Blender,
  author = {{Blender Foundation}},
  title = {Blender},
  url = {https://www.blender.org/}
}

@WWW{Blender3DEd,
  author = {OpenSCAD},
  url = {http://blender-fish.blogspot.com/2014/04/manual-de-blender-en-espanol-modulo-1.html},
  title = {Blender 3D en la Educación}
}

@online{youtubeBlenderWater,
    title = {Blender Dynamic Paint: Make Real Time water},
    date = {2014},
    organization = {Youtube},
    author = {Epic M Studios},
    url = {https://www.youtube.com/watch?v=1zPxogcS3V4&list=PLmKCiG2w8fxdUljIme1Qkw5lEkwYKsuhf&index=41&t=216s},
}

@online{youtubeBlenderTutorial,
    title = {Blender Tutorial - Everything You NEED to Know About Fluid Simulation!},
    date = {2016},
    organization = {Youtube},
    author = {Moby Motion},
    url = {https://www.youtube.com/watch?v=3o9E2t0cTCc},
}

@online{youtubeBlenderTraining,
    title = {Holzmann CFD :: Training :: #8.1 Advanced Post-Processing Introduction :: Blender®},
    date = {2017},
    organization = {Youtube},
    author = {Tobias Holzmann},
    url = {https://www.youtube.com/watch?v=p1YLo5ZWnkI},
}

@WWW{BlenderCouplingScripts,
    title = {The Blender® Coupling Scripts},
    date = {2017},
    author = {Holzmann CFD },
    url = {http://voluntary.holzmann-cfd.de/openfoam/openfoam-tutorials/blender-coupling},
}


@WWW{cfd-online,
    title = {[swiftBlock/swiftSnap] SwiftSnap and SwiftBlock, GUIs for OpenFOAM's meshers},
    date = {2012},
    url = {https://www.cfd-online.com/Forums/openfoam-community-contributions/100604-swiftsnap-swiftblock-guis-openfoams-meshers-2.html},
}

@online{swiftSnap,
    title = {swiftSnap},
    organization = {GitHub},
    author = {nogenmyr},
    url = {https://github.com/nogenmyr/swiftSnap},
}

@online{Netgen,
    title = {Netgen},
    date = {2017},
    author = {Netgen/NGSolve},
    url = {https://ngsolve.org/},
}

@WWW{NETGEN_NGSolve,
  author = {Noam Arnold},
  date = {2013},
  title = {Energía del oleaje},
  url = {https://www.math.uzh.ch/compmath/fileadmin/user/stas/compmath/Abschlussarbeiten/Arnold_Noam/myManual.pdf},
}

@online{enGrit,
    title = {enGrit},
    author = {enGits GmbH},
    url = {https://www.engits.com/engrid---mesher.html},
}

@online{Salome,
    title = {Salome},
    author = {OPEN CASCADE},
    url = {http://www.salome-platform.org/},
}

@WWW{netgen_usermanual,
  author = {NetGen},
  title = {Netgen Usermanual},
  url = {http://www.netgen-toolbox.org/netgen_usermanual.pdf},
}

@WWW{Netgen,
  author = {TU Wien | Institut für Analysis und Scientific Computing},
  title = {Netgen Usermanual},
  url = {http://www.asc.tuwien.ac.at/~schoeberl/wiki/index.php/Netgen},
}

@WWW{Meshing_with_Netgen,
  author = {S.Manini},
  title = {Meshing with Netgen},
  organization = {vmtk},
  url = {http://www.asc.tuwien.ac.at/~schoeberl/wiki/index.php/Netgen},
}

@WWW{Salome_to_OpenFOAM,
  author = { Mr Yury Kulakov},
  title = {Salome to OpenFOAM mesh conversion tutorial},
  organization = {University of Malta},
  url = {http://staff.um.edu.mt/__data/assets/pdf_file/0016/106144/Salome_to_OpenFOAM.pdf},
}

@WWW{cfd-online_2,
    title = {mesh conversion Salome --> OpenFoam},
    date = {2013},
    url = {https://www.cfd-online.com/Forums/openfoam-meshing-open/73971-mesh-conversion-salome-openfoam.html},
}

@WWW{cfd-online_3,
    title = {boundary conditions and mesh exporting},
    date = {2010},
    url = {https://www.cfd-online.com/Forums/openfoam-meshing-open/76222-boundary-conditions-mesh-exporting.html},
}

@online{youtub_Meshing_With_Body_Fitting,
    title = {Lesson 33. Meshing With Body Fitting. Salome-MECA},
    date = {2016},
    organization = {Youtube},
    author = {alculix09},
    url = {https://www.youtube.com/watch?v=4xmSjjoioxI},
}

@WWW{cfd-online_4,
    title = {Salome body fitting for OpenFOAM case},
    date = {2012},
    url = {https://www.cfd-online.com/Forums/openfoam-meshing/142435-salome-body-fitting-openfoam-case.html},
}

@WWW{Salome_mesh_to_OpenFOAM,
  author = { Mr Yury Kulakov},
  title = {Exporting a salome mesh to OpenFOAM},
  organization = {Salome},
  url = {http://www.salome-platform.org/forum/forum_12/23863165#686106},
}

@online{salomeToOpenFOAM,
    title = {salomeToOpenFOAM},
    organization = {GitHub},
    author = {nicolasedh},
    url = {https://github.com/nicolasedh/salomeToOpenFOAM},
}

@online{youtube_Salome_OpenFOAM_Tutorial,
    title = {Salome OpenFOAM Tutorial - CAD model to Solution Complete},
    date = {2013},
    organization = {Youtube},
    author = {Calum Douglas},
    url = {https://www.youtube.com/watch?v=1zQbU-E4k1U},
}

@WWW{cfd-online_5,
    title = {[cfMesh] CFMesh: feature definition or extraction in the .stl file},
    date = {2013},
    url = {https://www.cfd-online.com/Forums/openfoam-community-contributions/142250-cfmesh-feature-definition-extraction-stl-file.html},
}

@WWW{cfMesh,
  author = {Creative Fields},
  title = {cfMesh},
  url = {https://cfmesh.com/},
}

@article{geuzaine2009gmsh,
  title={Gmsh: A 3-D finite element mesh generator with built-in pre-and post-processing facilities},
  author={Geuzaine, Christophe and Remacle, Jean-Fran{\c{c}}ois},
  journal={International journal for numerical methods in engineering},
  volume={79},
  number={11},
  pages={1309--1331},
  year={2009},
  publisher={Wiley Online Library}
}

@inproceedings {MeshLab,
  booktitle = {Eurographics Italian Chapter Conference},
  editor = {Vittorio Scarano and Rosario De Chiara and Ugo Erra},
  title = {{MeshLab: an Open-Source Mesh Processing Tool}},
  author = {Cignoni, Paolo and Callieri, Marco and Corsini, Massimiliano and Dellepiane, Matteo and Ganovelli, Fabio and Ranzuglia, Guido},
  year = {2008},
  publisher = {The Eurographics Association},
  ISBN = {978-3-905673-68-5},
  DOI = {10.2312/LocalChapterEvents/ItalChap/ItalianChapConf2008/129-136}
}

@WWW{OpenFOAM,
  author = {The OpenFOAM Foundation},
  title = {OpenFOAM},
  url = {https://openfoam.org/},
}

@WWW{IHFOAM,
  author = {Pablo Higuera},
  title = {IHFOAM},
  url = {https://openfoamwiki.net/index.php/Contrib/IHFOAM},
}

@WWW{cfd-online_6,
    title = {SU2},
    url = {https://www.cfd-online.com/Wiki/SU2},
    author = {SU2 code}
}

@WWW{REEF3D,
    title = {REEF3D : Open-Source Hydrodynamics},
    url = {https://reef3d.wordpress.com/},
    author = {REEF3D},
}

@WWW{ParaView,
    title = {ParaView},
    author = {Sandia National Laboratory, Kitware Inc},
    url = {https://www.paraview.org/},
}

@WWW{kitware_blog,
    title = {Using the Color Map Editor in ParaView – The Annotations},
    author = {Utkarsh Ayachit},
    year = {2013},
    url = {https://blog.kitware.com/using-the-color-map-editor-in-paraview-the-annotations/},
}

@WWW{kitware_blog_1,
    title = {Using the Color Map Editor in ParaView – The Basics},
    author = {Utkarsh Ayachit},
    year = {2013},
    url = {https://blog.kitware.com/using-the-color-map-editor-in-paraview-the-basics/},
}

@WWW{UsingParaView,
    title = {Using ParaView to Visualize Scientific Data (online tutorial)},
    author = {Boston University Information Services & Technology},
    url = {http://www.bu.edu/tech/support/research/training-consulting/online-tutorials/paraview/},
}

@WWW{cfd-online_7,
    title = {Multiphase 3D free wave surface post-processing visualization in paraview},
    url = {https://www.cfd-online.com/Forums/openfoam-paraview/106846-multiphase-3d-free-wave-surface-post-processing-visualization-paraview.html},
    author = {keepfit},
}

@WWW{wangbo,
  title = {Volume & Flow Visualization with ParaView},
  url = {http://www.wangbo.info/volume-flow-visualization-with-paraview.html},
  author = {Bo Wang},
  year = {2016},
}

@Comment{jabref-meta: databaseType:biblatex;}